@inproceedings{ads16,
  title     = {Personality in computational advertising: A benchmark},
  author    = {Roffo, Giorgio and Vinciarelli, Alessandro},
  booktitle = {4\textsuperscript{th} Workshop on Emotions and Personality in Personalized Systems (EMPIRE)},
  pages     = {18},
  year      = {2016}
}

@inproceedings{glove,
  author    = {Jeffrey Pennington and Richard Socher and Christopher D. Manning},
  booktitle = {Empirical Methods in Natural Language Processing (EMNLP)},
  title     = {GloVe: Global Vectors for Word Representation},
  year      = {2014},
  pages     = {1532--1543},
  url       = {http://www.aclweb.org/anthology/D14-1162}
}

@article{transformer,
  author     = {Ashish Vaswani and
                Noam Shazeer and
                Niki Parmar and
                Jakob Uszkoreit and
                Llion Jones and
                Aidan N. Gomez and
                Lukasz Kaiser and
                Illia Polosukhin},
  title      = {Attention Is All You Need},
  journal    = {CoRR},
  volume     = {abs/1706.03762},
  year       = {2017},
  url        = {http://arxiv.org/abs/1706.03762},
  eprinttype = {arXiv},
  eprint     = {1706.03762},
  timestamp  = {Sat, 23 Jan 2021 01:20:40 +0100},
  biburl     = {https://dblp.org/rec/journals/corr/VaswaniSPUJGKP17.bib},
  bibsource  = {dblp computer science bibliography, https://dblp.org}
}


@article{hyperband,
  title     = {Hyperband: A novel bandit-based approach to hyperparameter optimization},
  author    = {Li, Lisha and Jamieson, Kevin and DeSalvo, Giulia and Rostamizadeh, Afshin and Talwalkar, Ameet},
  journal   = {The Journal of Machine Learning Research},
  volume    = {18},
  number    = {1},
  pages     = {6765--6816},
  year      = {2017},
  publisher = {JMLR. org}
}

@misc{keras,
  title        = {Keras},
  author       = {Chollet, Fran\c{c}ois and others},
  year         = {2015},
  howpublished = {\url{https://keras.io}}
}

